%--

% urls

@misc{TLA-Github,
    howpublished = "\url{https://github.com/tlaplus}"
}

@misc{YCSB-Github,
    howpublished = "\url{https://github.com/brianfrankcooper/YCSB}"
}


% bar

@book{Barroso18,
    author = {Barroso, Luiz Andre and Holzle, Urs and Ranganathan, Parthasarathy and Martonosi, Margaret},
    title = {The Datacenter As a Computer: Designing Warehouse-Scale Machines},
    year = {2018},
    isbn = {1681734354},
    publisher = {Morgan \& Claypool Publishers},
    edition = {3rd}
}


% bos

@book{Bost10,
    editor = {Charron-Bost, Bernadette and Pedone, Fernando and Schiper, Andr\'{e}},
    title = {Replication: Theory and Practice},
    year = {2010},
    isbn = {3642112935},
    publisher = {Springer-Verlag},
    address = {Berlin, Heidelberg}
}


% bra

@article{Bravo15,
    author = {Bravo, Manuel and Diegues, Nuno and Zeng, J. and Romano, Paolo and Rodrigues, Luís},
    year = {2015},
    month = {01},
    pages = {18-31},
    title = {On the use of clocks to enforce consistency in the cloud},
    volume = {38},
    journal = {IEEE Data Eng. Bull.}
}


% cac

@book{Cachin11,
    author = {Cachin, Christian and Guerraoui, Rachid and Rodrigues, Lus},
    title = {Introduction to Reliable and Secure Distributed Programming},
    year = {2011},
    isbn = {3642152597},
    publisher = {Springer Publishing Company, Incorporated},
    edition = {2nd}
}


% coo

@inproceedings{Cooper10,
    author = {Cooper, Brian F. and Silberstein, Adam and Tam, 
    Erwin and Ramakrishnan, Raghu and Sears, Russell},
    title = {Benchmarking Cloud Serving Systems with YCSB},
    booktitle = {Proceedings of the 1st ACM Symposium on Cloud Computing},
    series = {SoCC '10},
    year = {2010},
    isbn = {978-1-4503-0036-0},
    location = {Indianapolis, Indiana, USA},
    pages = {143--154},
    numpages = {12},
    url = {http://doi.acm.org/10.1145/1807128.1807152},
    doi = {10.1145/1807128.1807152},
    acmid = {1807152},
    publisher = {ACM},
    address = {New York, NY, USA},
    keywords = {benchmarking, cloud serving database},
} 


% dan

@inproceedings{Dang19,
    author = {Dang, Hung and Dinh, Tien Tuan Anh and Loghin, Dumitrel and Chang, Ee-Chien and Lin, Qian and Ooi, Beng Chin},
    title = {Towards Scaling Blockchain Systems via Sharding},
    year = {2019},
    isbn = {9781450356435},
    publisher = {Association for Computing Machinery},
    address = {New York, NY, USA},
    url = {https://doi.org/10.1145/3299869.3319889},
    doi = {10.1145/3299869.3319889},
    booktitle = {Proceedings of the 2019 International Conference on Management of Data},
    pages = {123–140},
    numpages = {18},
    keywords = {blockchain, sharding, distributed transactions},
    location = {Amsterdam, Netherlands},
    series = {SIGMOD ’19}
}


% mck

@inproceedings{McKeen13,
    author = {McKeen, Frank and Alexandrovich, Ilya and Berenzon, Alex and Rozas, Carlos V. and Shafi, Hisham and Shanbhogue, Vedvyas and Savagaonkar, Uday R.},
    title = {Innovative Instructions and Software Model for Isolated Execution},
    year = {2013},
    isbn = {9781450321181},
    publisher = {Association for Computing Machinery},
    address = {New York, NY, USA},
    url = {https://doi.org/10.1145/2487726.2488368},
    doi = {10.1145/2487726.2488368},
    booktitle = {Proceedings of the 2nd International Workshop on Hardware and Architectural Support for Security and Privacy},
    articleno = {Article 10},
    numpages = {1},
    location = {Tel-Aviv, Israel},
    series = {HASP ’13}
}


% vuk

@article{Vukotic19,
    author = {Vukotic, Ivana and Rahli, Vincent and Esteves-Ver\'{\i}ssimo, Paulo},
    title = {Asphalion: Trustworthy Shielding against Byzantine Faults},
    year = {2019},
    issue_date = {October 2019},
    publisher = {Association for Computing Machinery},
    address = {New York, NY, USA},
    volume = {3},
    number = {OOPSLA},
    url = {https://doi.org/10.1145/3360564},
    doi = {10.1145/3360564},
    journal = {Proc. ACM Program. Lang.},
    month = oct,
    articleno = {Article 138},
    numpages = {32},
    keywords = {MinBFT, Hybrid protocols, Fault-tolerance, Coq, Monad, Byzantine faults, Knowledge calculus, Step-indexing, Compositional reasoning, Formal verification, Distributed systems}
}

